<?xml version="1.0" encoding="UTF-8"?><record xmlns="http://www.loc.gov/MARC21/slim" xmlns:cinclude="http://apache.org/cocoon/include/1.0" xmlns:zs="http://www.loc.gov/zing/srw/">
  <leader>00362cz  a2200121n  4500</leader>
  <controlfield tag="001">n  89289203 </controlfield>
  <controlfield tag="003">DLC</controlfield>
  <controlfield tag="005">19930311083834.0</controlfield>
  <controlfield tag="008">921202n| acannaab|          |n aaa |||  </controlfield>
  <datafield tag="010" ind1=" " ind2=" ">
    <subfield code="a">n  89289203 </subfield>
  </datafield>
  <datafield tag="040" ind1=" " ind2=" ">
    <subfield code="a">DLC</subfield>
    <subfield code="c">DLC</subfield>
    <subfield code="d">DLC</subfield>
  </datafield>
  <datafield tag="100" ind1="1" ind2="0">
    <subfield code="a">Jones, H. Mike</subfield>
  </datafield>
  <datafield tag="670" ind1=" " ind2=" ">
    <subfield code="a">His Energy efficient stoves in East Africa, 1989:</subfield>
    <subfield code="b">t.p. (H. Mike Jones; Oak Ridge Associated Universities)</subfield>
  </datafield>
</record>